<record><leader>00000cas a2200000 a 4500</leader><controlfield tag="001">14402624</controlfield><controlfield tag="008">861016d190u1914kyuwr ne      0    0eng d</controlfield><datafield ind1=" " ind2=" " tag="010"><subfield code="a">sn 86069641 </subfield></datafield><datafield ind1=" " ind2=" " tag="040"><subfield code="a">KNP</subfield><subfield code="b">eng</subfield><subfield code="c">KNP</subfield><subfield code="d">OCL</subfield><subfield code="d">OCLCQ</subfield><subfield code="d">KYUBL</subfield><subfield code="d">OCLCQ</subfield><subfield code="d">OCLCF</subfield><subfield code="d">OCLCO</subfield></datafield><datafield ind1="1" ind2=" " tag="029"><subfield code="a">AU@</subfield><subfield code="b">000025829334</subfield></datafield><datafield ind1=" " ind2=" " tag="042"><subfield code="a">msc</subfield></datafield><datafield ind1=" " ind2=" " tag="043"><subfield code="a">n-us-ky</subfield></datafield><datafield ind1="0" ind2=" " tag="130"><subfield code="a">Olive Hill times (1905)</subfield></datafield><datafield ind1="1" ind2="0" tag="245"><subfield code="a">Olive Hill times.</subfield></datafield><datafield ind1=" " ind2=" " tag="260"><subfield code="a">Olive Hill, Carter County, Ky. :</subfield><subfield code="b">Times Pub. Co.</subfield></datafield><datafield ind1=" " ind2=" " tag="300"><subfield code="a">v. :</subfield><subfield code="b">ill.</subfield></datafield><datafield ind1=" " ind2=" " tag="310"><subfield code="a">Weekly</subfield></datafield><datafield ind1="1" ind2=" " tag="362"><subfield code="a">Ceased in 1914.</subfield></datafield><datafield ind1=" " ind2=" " tag="588"><subfield code="a">Description based on: Vol. 1, no. 2 (Jan. 12, 1905).</subfield></datafield><datafield ind1=" " ind2="0" tag="651"><subfield code="a">Carter County (Ky.)</subfield><subfield code="v">Newspapers.</subfield></datafield><datafield ind1=" " ind2="0" tag="651"><subfield code="a">Olive Hill (Ky.)</subfield><subfield code="v">Newspapers.</subfield></datafield><datafield ind1=" " ind2="7" tag="655"><subfield code="a">Newspapers.</subfield><subfield code="2">fast</subfield><subfield code="0">(OCoLC)fst01423814</subfield></datafield><datafield ind1=" " ind2="7" tag="651"><subfield code="a">Kentucky</subfield><subfield code="z">Carter County.</subfield><subfield code="2">fast</subfield><subfield code="0">(OCoLC)fst01221863</subfield></datafield><datafield ind1=" " ind2="7" tag="651"><subfield code="a">Kentucky</subfield><subfield code="z">Olive Hill.</subfield><subfield code="2">fast</subfield><subfield code="0">(OCoLC)fst01252733</subfield></datafield><datafield ind1=" " ind2=" " tag="752"><subfield code="a">United States</subfield><subfield code="b">Kentucky</subfield><subfield code="c">Carter</subfield><subfield code="d">Olive Hill.</subfield></datafield><datafield ind1="0" ind2="7" tag="785"><subfield code="t">Progressive (Olive Hill, Ky.)</subfield><subfield code="w">(DLC)sn 86069640</subfield></datafield><datafield ind1="0" ind2="7" tag="785"><subfield code="t">Carter County herald</subfield><subfield code="w">(DLC)sn 86069642</subfield></datafield></record>